<?xml version="1.0" encoding="UTF-8"?><collection xmlns="http://www.loc.gov/MARC21/slim"><record><leader>00320nam--2200121-i-4500</leader><controlfield tag="001">000037502</controlfield><controlfield tag="002">20161230</controlfield><controlfield tag="005">20161230201041</controlfield><controlfield tag="008">060222s1000------------r-----000-0-eng-d</controlfield><datafield ind1=" " ind2=" " tag="245"><subfield code="a">Quantum electronics. a symposium</subfield></datafield><datafield ind1=" " ind2=" " tag="260"><subfield code="a">New York, Columbia Univ.Press, 1960, Xviii + 606p</subfield></datafield><datafield ind1=" " ind2=" " tag="700"><subfield code="a">Townes, Charles H</subfield></datafield><datafield ind1=" " ind2=" " tag="852"><subfield code="a">10196</subfield></datafield></record></collection>